<?xml version="1.0" encoding="UTF-8"?><collection xmlns="http://www.loc.gov/MARC21/slim"><record><leader>00528nam--2200181-i-4500</leader><controlfield tag="001">000048328</controlfield><controlfield tag="002">20161230</controlfield><controlfield tag="005">20161230201046</controlfield><controlfield tag="008">060222s1000------------r-----000-0-eng-d</controlfield><datafield ind1=" " ind2=" " tag="040"><subfield code="a">IFIN-HH</subfield></datafield><datafield ind1=" " ind2=" " tag="080"><subfield code="a">537.222.22:538.935</subfield></datafield><datafield ind1="1" ind2=" " tag="100"><subfield code="a">Zawadzki,Wlodzimierz</subfield></datafield><datafield ind1="1" ind2="0" tag="245"><subfield code="a">Mechanisms of electron scattering in semiconductors</subfield><subfield code="c">Wlodzimierz zawadzki</subfield></datafield><datafield ind1=" " ind2=" " tag="260"><subfield code="a">Wroclaw</subfield><subfield code="b">Polska Akademia Nauk</subfield><subfield code="c">1979</subfield></datafield><datafield ind1=" " ind2=" " tag="300"><subfield code="a">153 P</subfield></datafield><datafield ind1=" " ind2=" " tag="490"><subfield code="a">Prace Instytutu Fizyki</subfield><subfield code="v">Nr. 79</subfield></datafield><datafield ind1=" " ind2=" " tag="852"><subfield code="a">47361</subfield><subfield code="c">537.311.33</subfield></datafield><datafield ind1=" " ind2=" " tag="CAT"><subfield code="a">Sys</subfield><subfield code="c">20110725</subfield><subfield code="h">164231</subfield></datafield></record></collection>